<?xml version="1.0" encoding="UTF-8"?><collection xmlns="http://www.loc.gov/MARC21/slim"><record><leader>00682nam--2200193-i-4500</leader><controlfield tag="001">000014189</controlfield><controlfield tag="002">20161230</controlfield><controlfield tag="005">20161230201030</controlfield><controlfield tag="008">060222s1000------------r-----000-0-eng-d</controlfield><datafield ind1=" " ind2=" " tag="020"><subfield code="a">0854981276</subfield></datafield><datafield ind1=" " ind2=" " tag="040"><subfield code="a">IFIN-HH</subfield></datafield><datafield ind1=" " ind2=" " tag="080"><subfield code="a">537.533.35(061.3)</subfield></datafield><datafield ind1="1" ind2=" " tag="100"><subfield code="a">Misell, D.L</subfield></datafield><datafield ind1="1" ind2="0" tag="245"><subfield code="a">Developments in electron microscopy and analysis, 1977</subfield><subfield code="b">Proceedings of the institute of physics electron microscopy and analysis group conference held in glasgow, 12-14 septmber (emag 77)</subfield><subfield code="c">D.l. misell (ed.)</subfield></datafield><datafield ind1=" " ind2=" " tag="260"><subfield code="a">London</subfield><subfield code="b">The Institute Of Physics</subfield><subfield code="c">1977</subfield></datafield><datafield ind1=" " ind2=" " tag="300"><subfield code="a">XIII+441P</subfield></datafield><datafield ind1=" " ind2=" " tag="490"><subfield code="a">Conference Series Number 36</subfield></datafield><datafield ind1=" " ind2=" " tag="852"><subfield code="a">49256</subfield><subfield code="c">537.533.35</subfield></datafield><datafield ind1=" " ind2=" " tag="CAT"><subfield code="a">Sys</subfield><subfield code="c">20110913</subfield><subfield code="h">145532</subfield></datafield></record></collection>